%% Created using Papers on Tue, 03 Sep 2013.
%% http://papersapp.com/papers/

@booklet{Stamatelatos:2012vn,
title = {{Probabilistic risk assessment procedures guide for NASA managers and practitioners}},
author = {Stamatelatos, Michael and Dezfuli, Homayoon and Apostolakis, George and Everline, Chester and Guarro, Sergio and Mathias, Donovan and Mosleh, Ali and Paulos, Todd and Riha, David and Smith, Curtis},
howpublished = {NASA},
address = {Washington DC},
year = {2012}
}

@article{NationalReportingandLearningService:2007ts,
author = {{National Reporting and Learning Service}},
title = {{A risk matrix for risk managers}},
year = {2007},
pages = {1--18},
month = dec
}

@webpage{Anonymous:TgM8hVWD,
title = {{Clinica Magallanes}},
url = {http://www.clinicamagallanes.cl/}
}

@article{HSE:2012tp,
author = {HSE, Health and Safety Executive},
title = {{Five steps to risk assessment}},
year = {2012},
pages = {1--8},
month = feb
}

@webpage{Anonymous:qFBtPcmx,
title = {{Health in the Falkland Islands}},
url = {http://www.falklands.gov.fk/our-people/daily-life/health-services/}
}

@booklet{TheNationalPatientSafetyAgency:2007ud,
title = {{Healthcare risk assessment made easy}},
author = {{The National Patient Safety Agency}},
howpublished = {National Patient Safety Agency},
month = may,
year = {2007}
}

